@CONFERENCE{adeater,
		author       = {{Nicholas Kushmeric}}, 
		title= {Learning to Remove Internet Advertisements},
		booktitle = {Autonomous Agents},
		year    = {1999},
		organization = {University College Dublin}
}

@MISC{uci,
		author = "K. Bache and M. Lichman",
		year = "2013",
		title = "{UCI} Machine Learning Repository",
		url = "http://archive.ics.uci.edu/ml",
		institution = "University of California, Irvine, School of Information and Computer Sciences" 
}

@MISC{adblock,
		author = "Wladimir Palant",
		year = "2013",
		title = "AdBlock Plus",
		url = "http://https://adblockplus.org/en/about",
		institution = "Eyeo Inc." 
}

@CONFERENCE{feat,
		author       = {{Mark Hall}}, 
		title= {Correlation-based Feature Selection for Machine Learning},
		year    = {1999},
		organization = {University of Waikato}
}

